@book{Kleinberg2005,
    abstract = {Algorithm Design introduces algorithms by looking at the real-world problems that motivate them. The book teaches a range of design and analysis techniques for problems that arise in computing applications. The text encourages an understanding of the algorithm design process and an appreciation of the role of algorithms in the broader field of computer science.},
    archivePrefix = {arXiv},
    arxivId = {1439880182},
    author = {Kleinberg, Jon and Tardos, {\'{E}}va},
    booktitle = {Pearson Education India},
    doi = {10.1002/ajp.1350280307},
    eprint = {1439880182},
    isbn = {0321295358},
    issn = {02752565},
    pmid = {1439880182},
    title = {{Algorithm Design}},
    url = {http://www.amazon.com/dp/0321295358},
    volume = {1},
    year = {2005}
}

@book{Garey1979,
 author = {Garey, Michael R. and Johnson, David S.},
 title = {Computers and Intractability: A Guide to the Theory of NP-Completeness},
 year = {1979},
 isbn = {0716710447},
 publisher = {W. H. Freeman \& Co.},
 address = {New York, NY, USA}
}

@book{Arora2009,
 author = {Arora, Sanjeev and Barak, Boaz},
 title = {Computational Complexity: A Modern Approach},
 year = {2009},
 isbn = {0521424267, 9780521424264},
 edition = {1st},
 publisher = {Cambridge University Press},
 address = {New York, NY, USA},
}


@book{Sipser1996,
 author = {Sipser, Michael},
 title = {Introduction to the Theory of Computation},
 year = {1996},
 isbn = {053494728X},
 edition = {1st},
 publisher = {International Thomson Publishing},
}

@Inbook{Karp1972,
author="Karp, Richard M.",
editor="Miller, Raymond E.
and Thatcher, James W.
and Bohlinger, Jean D.",
title="Reducibility among Combinatorial Problems",
bookTitle="Complexity of Computer Computations: Proceedings of a symposium on the Complexity of Computer Computations, held March 20--22, 1972, at the IBM Thomas J. Watson Research Center, Yorktown Heights, New York, and sponsored by the Office of Naval Research, Mathematics Program, IBM World Trade Corporation, and the IBM Research Mathematical Sciences Department",
year="1972",
publisher="Springer US",
address="Boston, MA",
pages="85--103",
isbn="978-1-4684-2001-2",
doi="10.1007/978-1-4684-2001-2_9",
url="http://dx.doi.org/10.1007/978-1-4684-2001-2_9"
}

@book{Lewis1996,
abstract = {A Guide to Multithreaded Programming},
author = {Lewis, Bil and Berg, Dj},
booktitle = {Mountain View: Sun Microsystems},
file = {:C$\backslash$:/Users/Fernando/Documents/Livros/pthread-primer.pdf:pdf},
isbn = {0134436989},
title = {{Threads Primer: A Guide to Multithreaded Programming}},
url = {http://58.59.135.118:8081/BOOKS{\%}5C027{\%}5C21{\%}5CHXYWPJH1137149.pdf},
year = {1996}
}
