@article{MacGregor2011,
  doi = {10.7771/1932-6246.1090},
  url = {http://dx.doi.org/10.7771/1932-6246.1090},
  year  = {2011},
  month = {feb},
  publisher = {Purdue University (bepress)},
  volume = {3},
  number = {2},
  author = {James N. MacGregor and Yun Chu},
  title = {Human Performance on the Traveling Salesman and Related Problems: A Review},
  journal = {The Journal of Problem Solving}
}
